@article{amir2001solving,
  title={Solving satisfiability using decomposition and the most constrained subproblem (preliminary report)},
  author={Amir, Eyal and Mcllraith, Sheila},
  journal={Electronic Notes in Discrete Mathematics},
  volume={9},
  pages={329--343},
  year={2001},
  publisher={Elsevier}
}

@inproceedings{barnett2021non,
  title={Non-clausal Redundancy Properties.},
  author={Barnett, Lee A and Biere, Armin},
  booktitle={CADE},
  pages={252--272},
  year={2021}
}

@article{barto2016robustly,
  title={Robustly solvable constraint satisfaction problems},
  author={Barto, Libor and Kozik, Marcin},
  journal={SIAM Journal on Computing},
  volume={45},
  number={4},
  pages={1646--1669},
  year={2016},
  publisher={SIAM}
}

@inproceedings{barto2017polymorphisms,
  title={Polymorphisms, and how to use them},
  author={Barto, Libor and Krokhin, Andrei and Willard, Ross},
  booktitle={Dagstuhl Follow-Ups},
  volume={7},
  year={2017},
  organization={Schloss Dagstuhl-Leibniz-Zentrum fuer Informatik}
}

@inproceedings{barto2021minimal,
  title={Unifying the Three Algebraic Approaches to the CSP via
Minimal Taylor Algebras},
  author={Barto, Libor and Brady, Zarathustra and Bulatov, Andrei and Kozik, Marcin and Zhuk, Dmitriy},
  booktitle={2021 36th Annual ACM/IEEE Symposium on Logic in Computer Science (LICS)},
  pages={1--13},
  year={2021},
  organization={IEEE}
}
@article{bearden2020efficient,
  title={Efficient solution of Boolean satisfiability problems with digital memcomputing},
  author={Bearden, Sean RB and Pei, Yan Ru and Di Ventra, Massimiliano},
  journal={Scientific reports},
  volume={10},
  number={1},
  pages={19741},
  year={2020},
  publisher={Nature Publishing Group UK London}
}

@inproceedings{belov2013sat,
  title={SAT-based preprocessing for MaxSAT},
  author={Belov, Anton and Morgado, Ant{\'o}nio and Marques-Silva, Joao},
  booktitle={Logic for Programming, Artificial Intelligence, and Reasoning: 19th International Conference, LPAR-19, Stellenbosch, South Africa, December 14-19, 2013. Proceedings 19},
  pages={96--111},
  year={2013},
  organization={Springer}
}

@book{biere2009handbook,
  title={Handbook of satisfiability},
  author={Biere, Armin and Heule, Marijn and van Maaren, Hans},
  year={2020},
  publisher={IOS press}
}

@article{blass1999choiceless,
  title={Choiceless polynomial time},
  author={Blass, Andreas and Gurevich, Yuri and Shelah, Saharon},
  journal={Annals of Pure and Applied Logic},
  volume={100},
  number={1-3},
  pages={141--187},
  year={1999},
  publisher={Elsevier}
}
@article{bodirsky2012complexity,
  title={Complexity classification in infinite-domain constraint satisfaction},
  author={Bodirsky, Manuel},
  journal={arXiv preprint arXiv:1201.0856},
  year={2012}
}

@article{bonchi2017functorial,
  title={Functorial semantics for relational theories},
  author={Bonchi, Filippo and Pavlovic, Dusko and Sobocinski, Pawel},
  journal={arXiv preprint arXiv:1711.08699},
  year={2017}
}

@article{borner2009complexity,
  title={The complexity of constraint satisfaction games and QCSP},
  author={B{\"o}rner, Ferdinand and Bulatov, Andrei and Chen, Hubie and Jeavons, Peter and Krokhin, Andrei},
  journal={Information and Computation},
  volume={207},
  number={9},
  pages={923--944},
  year={2009},
  publisher={Elsevier}
}

@article{brady2022notes,
  title={Notes on CSPs and Polymorphisms},
  author={Brady, Zarathustra},
  journal={arXiv preprint arXiv:2210.07383},
  year={2022}
}
@inproceedings{bulatov2017dichotomy,
  title={A dichotomy theorem for nonuniform CSPs},
  author={Bulatov, Andrei A},
  booktitle={2017 IEEE 58th Annual Symposium on Foundations of Computer Science (FOCS)},
  pages={319--330},
  year={2017},
  organization={IEEE}
}

@article{cai2017complexity,
  title={Complexity of counting CSP with complex weights},
  author={Cai, Jin-Yi and Chen, Xi},
  journal={Journal of the ACM (JACM)},
  volume={64},
  number={3},
  pages={1--39},
  year={2017},
  publisher={ACM New York, NY, USA}
}

@article{caravelli2021global,
  title={Global minimization via classical tunneling assisted by collective force field formation},
  author={Caravelli, Francesco and Sheldon, Forrest C and Traversa, Fabio L},
  journal={Science Advances},
  volume={7},
  number={52},
  pages={eabh1542},
  year={2021},
  publisher={American Association for the Advancement of Science}
}

@article{caravelli2023projective,
  title={Projective embedding of dynamical systems: Uniform mean field equations},
  author={Caravelli, Francesco and Traversa, Fabio L and Bonnin, Michele and Bonani, Fabrizio},
  journal={Physica D: Nonlinear Phenomena},
  volume={450},
  pages={133747},
  year={2023},
  publisher={Elsevier}
}

@inproceedings{couceiro2019fine,
  title={Fine-grained complexity of constraint satisfaction problems through partial polymorphisms: A survey},
  author={Couceiro, Miguel and Haddad, Lucien and Lagerkvist, Victor},
  booktitle={2019 IEEE 49th International Symposium on Multiple-Valued Logic (ISMVL)},
  pages={170--175},
  year={2019},
  organization={IEEE}
}

@article{di2017topological,
  title={Topological field theory and computing with instantons},
  author={Di Ventra, Massimiliano and Traversa, Fabio L and Ovchinnikov, Igor V},
  journal={Annalen der Physik},
  volume={529},
  number={12},
  pages={1700123},
  year={2017},
  publisher={Wiley Online Library}
}

@book{di2022memcomputing,
  title={MemComputing: fundamentals and applications},
  author={Di Ventra, Massimiliano},
  year={2022},
  publisher={Oxford University Press}
}

@article{feder1998computational,
  title={The computational structure of monotone monadic SNP and constraint satisfaction: A study through Datalog and group theory},
  author={Feder, Tom{\'a}s and Vardi, Moshe Y},
  journal={SIAM Journal on Computing},
  volume={28},
  number={1},
  pages={57--104},
  year={1998},
  publisher={SIAM}
}

@article{fioretto2018distributed,
  title={Distributed constraint optimization problems and applications: A survey},
  author={Fioretto, Ferdinando and Pontelli, Enrico and Yeoh, William},
  journal={Journal of Artificial Intelligence Research},
  volume={61},
  pages={623--698},
  year={2018}
}

@inproceedings{freuder1995partial,
  title={Partial constraint satisfaction},
  author={Freuder, Eugene C and Wallace, Richard J},
  booktitle={International Workshop on Over-Constrained Systems},
  pages={63--110},
  year={1995},
  organization={Springer}
}

@book{galati2010decomposition,
  title={Decomposition methods for integer linear programming},
  author={Galati, Matthew},
  year={2010},
  publisher={Lehigh University}
}

@article{gottlob2000comparison,
  title={A comparison of structural CSP decomposition methods},
  author={Gottlob, Georg and Leone, Nicola and Scarcello, Francesco},
  journal={Artificial Intelligence},
  volume={124},
  number={2},
  pages={243--282},
  year={2000},
  publisher={Elsevier}
}

@inproceedings{gradel1991expressive,
  title={The expressive power of second order Horn logic},
  author={Gr{\"a}del, Erich},
  booktitle={Annual Symposium on Theoretical Aspects of Computer Science},
  pages={466--477},
  year={1991},
  organization={Springer}
}
@inproceedings{grohe2006structure,
  title={The structure of tractable constraint satisfaction problems},
  author={Grohe, Martin},
  booktitle={Mathematical Foundations of Computer Science 2006: 31st International Symposium, MFCS 2006, Star{\'a} Lesn{\'a}, Slovakia, August 28-September 1, 2006. Proceedings 31},
  pages={58--72},
  year={2006},
  organization={Springer}
}
@article{grohe2014constraint,
  title={Constraint solving via fractional edge covers},
  author={Grohe, Martin and Marx, D{\'a}niel},
  journal={ACM Transactions on Algorithms (TALG)},
  volume={11},
  number={1},
  pages={1--20},
  year={2014},
  publisher={Acm New York, NY, USA}
}
@article{gu2023complete,
  title={A complete diagrammatic calculus for boolean satisfiability},
  author={Gu, Tao and Piedeleu, Robin and Zanasi, Fabio},
  journal={Electronic Notes in Theoretical Informatics and Computer Science},
  volume={1},
  year={2023},
  publisher={Episciences. org}
}

@techreport{gurevich1985logic,
  title={Logic and the challenge of computer science},
  author={Gurevich, Yuri},
  year={1985}
}

@inproceedings{heule2017short,
  title={Short proofs without new variables},
  author={Heule, Marijn JH and Kiesl, Benjamin and Biere, Armin},
  booktitle={Automated Deduction--CADE 26: 26th International Conference on Automated Deduction, Gothenburg, Sweden, August 6--11, 2017, Proceedings},
  pages={130--147},
  year={2017},
  organization={Springer}
}

@inproceedings{immerman1982relational,
  title={Relational queries computable in polynomial time},
  author={Immerman, Neil},
  booktitle={Proceedings of the fourteenth annual ACM symposium on Theory of computing},
  pages={147--152},
  year={1982}
}
@article{kirkpatrick1983optimization,
  title={Optimization by simulated annealing},
  author={Kirkpatrick, Scott and Gelatt Jr, C Daniel and Vecchi, Mario P},
  journal={science},
  volume={220},
  number={4598},
  pages={671--680},
  year={1983},
  publisher={American association for the advancement of science}
}

@article{krokhin2022invitation,
  title={An invitation to the promise constraint satisfaction problem},
  author={Krokhin, Andrei and Opr{\v{s}}al, Jakub},
  journal={ACM SIGLOG News},
  volume={9},
  number={3},
  pages={30--59},
  year={2022},
  publisher={ACM New York, NY, USA}
}

@book{lattimore2020bandit,
  title={Bandit algorithms},
  author={Lattimore, Tor and Szepesv{\'a}ri, Csaba},
  year={2020},
  publisher={Cambridge University Press}
}

@book{lau2006function,
  title={Function algebras on finite sets: Basic course on many-valued logic and clone theory},
  author={Lau, Dietlinde},
  year={2006},
  publisher={Springer Science \& Business Media}
}
@inproceedings{lichter2022choiceless,
  title={Choiceless Polynomial Time with Witnessed Symmetric Choice},
  author={Lichter, Moritz and Schweitzer, Pascal},
  booktitle={Proceedings of the 37th Annual ACM/IEEE Symposium on Logic in Computer Science},
  pages={1--13},
  year={2022}
}

@article{marx2013tractable,
  title={Tractable hypergraph properties for constraint satisfaction and conjunctive queries},
  author={Marx, D{\'a}niel},
  journal={Journal of the ACM (JACM)},
  volume={60},
  number={6},
  pages={1--51},
  year={2013},
  publisher={ACM New York, NY, USA}
}
@book{matiyasevich1993hilbert,
  title={Hilbert's tenth problem},
  author={Yuri Matiyasevich}
  year={1993},
  publisher={MIT press}
}

@article{mcdonald2009parallel,
  title={Parallel WalkSAT with clause learning},
  author={McDonald, Austin and others},
  journal={Data analysis project papers},
  year={2009}
}

@article{mezard2002analytic,
  title={Analytic and algorithmic solution of random satisfiability problems},
  author={M{\'e}zard, Marc and Parisi, Giorgio and Zecchina, Riccardo},
  journal={Science},
  volume={297},
  number={5582},
  pages={812--815},
  year={2002},
  publisher={American Association for the Advancement of Science}
}
@misc{michelangelo2014integer,
  title={Integer Programming (Graduate texts in mathematics), vol. 271},
  author={Michelangelo, Conforti and Cornujols Grard, P and Giacomo, Zambelli},
  year={2014},
  publisher={Springer Heidelberg}
}

@misc{Numberphile2ZKP,
  author = {Numberphile},
  title = {{Zero Knowledge Proof (with Avi Wigderson)}},
  howpublished = "\url{https://www.youtube.com/watch?v=5ovdoxnfFVc}",
  year = {2009}, 
  note = "[Online; accessed 19-Sep-2023]"
}

@article{ovchinnikov2016introduction,
  title={Introduction to supersymmetric theory of stochastics},
  author={Ovchinnikov, Igor V},
  journal={Entropy},
  volume={18},
  number={4},
  pages={108},
  year={2016},
  publisher={MDPI}
}

@article{ovchinnikov2017stochastic,
  title={Stochastic dynamics and combinatorial optimization},
  author={Ovchinnikov, Igor V and Wang, Kang L},
  journal={Modern Physics Letters B},
  volume={31},
  number={31},
  pages={1750285},
  year={2017},
  publisher={World Scientific}
}

@article{rosenberg2003efficient,
  title={Efficient pairing functions-and why you should care},
  author={Rosenberg, Arnold L},
  journal={International journal of foundations of computer science},
  volume={14},
  number={01},
  pages={3--17},
  year={2003},
  publisher={World Scientific}
}

@book{rossi2006handbook,
  title={Handbook of constraint programming},
  author={Rossi, Francesca and Van Beek, Peter and Walsh, Toby},
  year={2006},
  publisher={Elsevier}
}

@article{ruder2016overview,
  title={An overview of gradient descent optimization algorithms},
  author={Ruder, Sebastian},
  journal={arXiv preprint arXiv:1609.04747},
  year={2016}
}

@article{shang1998discrete,
  title={A discrete Lagrangian-based global-search method for solving satisfiability problems},
  author={Shang, Yi and Wah, Benjamin W},
  journal={Journal of global optimization},
  volume={12},
  pages={61--99},
  year={1998},
  publisher={Springer}
}

@article{sharp2023scaling,
  title={Scaling up prime factorization with self-organizing gates: A memcomputing approach},
  author={Sharp, Tristan and Khare, Rishabh and Pederson, Erick and Traversa, Fabio Lorenzo},
  journal={arXiv preprint arXiv:2309.08198},
  year={2023}
}

@article{traversa2018memcomputing,
  title={Memcomputing integer linear programming},
  author={Traversa, Fabio L and Di Ventra, Massimiliano},
  journal={arXiv preprint arXiv:1808.09999},
  year={2018}
}

@article{tsang1993foundations,
  title={Foundations of Constraint Satisfaction},
  author={Tsang, E},
  journal={(No Title)},
  year={1993},
  publisher={Academic Press}
}

@phdthesis{wiebking2021decomposition,
  title={A decomposition-compatible canonization framework for the graph isomorphism problem},
  author={Wiebking, Daniel},
  year={2021},
  school={Dissertation, RWTH Aachen University, 2021}
}

@book{wolsey2020integer,
  title={Integer programming},
  author={Wolsey, Laurence A},
  year={2020},
  publisher={John Wiley \& Sons}
}


@article{zhang2023implementation,
  title={Implementation of digital MemComputing using standard electronic components},
  author={Zhang, Yuan-Hang and Di Ventra, Massimiliano},
  journal={arXiv preprint arXiv:2309.12437},
  year={2023}
}

@article{zhou1997chaotic,
  title={Chaotic annealing for optimization},
  author={Zhou, Chang-song and Chen, Tian-lun},
  journal={Physical Review E},
  volume={55},
  number={3},
  pages={2580},
  year={1997},
  publisher={APS}
}

@article{zhuk2020proof,
  title={A proof of the CSP dichotomy conjecture},
  author={Zhuk, Dmitriy},
  journal={Journal of the ACM (JACM)},
  volume={67},
  number={5},
  pages={1--78},
  year={2020},
  publisher={ACM New York, NY, USA}
}
@article{zhuk2021complexity,
  title={The complexity of the quantified CSP having the polynomially generated powers property},
  author={Zhuk, Dmitriy},
  journal={arXiv preprint arXiv:2110.09504},
  year={2021}
}

@article{zhuk2022qcsp,
  title={QCSP monsters and the demise of the Chen Conjecture},
  author={Zhuk, Dmitriy and Martin, Barnaby},
  journal={Journal of the ACM},
  volume={69},
  number={5},
  pages={1--44},
  year={2022},
  publisher={ACM New York, NY}
}

@inproceedings{zhuk2023complete,
  title={The complete classification for quantified equality constraints},
  author={Zhuk, Dmitriy and Martin, Barnaby and Wrona, Micha{\l}},
  booktitle={Proceedings of the 2023 Annual ACM-SIAM Symposium on Discrete Algorithms (SODA)},
  pages={2746--2760},
  year={2023},
  organization={SIAM}
}